<marcx:record format="danMARC2" type="BibliographicVolume"><marcx:leader>00000n    2200000   4500</marcx:leader><marcx:datafield ind1="0" ind2="0" tag="001"><marcx:subfield code="a">008182582__1</marcx:subfield><marcx:subfield code="b">810015</marcx:subfield><marcx:subfield code="f">a</marcx:subfield></marcx:datafield><marcx:datafield ind1="0" ind2="0" tag="004"><marcx:subfield code="r">n</marcx:subfield><marcx:subfield code="a">b</marcx:subfield></marcx:datafield><marcx:datafield ind1="0" ind2="0" tag="245"><marcx:subfield code="g">1. [bog]</marcx:subfield></marcx:datafield></marcx:record></marcx:collection><adminData><creationDate>2012-04-04</creationDate><libraryType>research</libraryType><indexingAlias>danmarcxchange</indexingAlias><accessType>physical</accessType><genre>fiktion</genre><collectionIdentifier>810015-katalog</collectionIdentifier><collectionIdentifier>870970-forsk</collectionIdentifier></adminData></ting:container>
</foxml:xmlContent>
</foxml:datastreamVersion>
</foxml:datastream>
<foxml:datastream ID="localData.870970-forsk" STATE="A" CONTROL_GROUP="X" VERSIONABLE="false">
<foxml:datastreamVersion ID="localData.870970-forsk.0" LABEL="" CREATED="2013-05-16T12:09:29.479Z" MIMETYPE="text/xml" SIZE="1297">
<foxml:xmlContent>
<ting:localData xmlns:ting="http://www.dbc.dk/ting"><marcx:record xmlns:marcx="info:lc/xmlns/marcxchange-v1" format="danMARC2" type="BibliographicLocal"><marcx:datafield ind1="0" ind2="0" tag="096"><marcx:subfield code="u">Kan ikke hjemlånes</marcx:subfield><marcx:subfield code="r">a</marcx:subfield><marcx:subfield code="z">810015</marcx:subfield></marcx:datafield><marcx:datafield ind1="0" ind2="0" tag="595"><marcx:subfield code="a">InT2011</marcx:subfield></marcx:datafield><marcx:datafield ind1="0" ind2="0" tag="599"><marcx:subfield code="b">bkpl201126</marcx:subfield></marcx:datafield><marcx:datafield ind1="0" ind2="0" tag="n55"><marcx:subfield code="a">20120404</marcx:subfield></marcx:datafield><marcx:datafield ind1="0" ind2="0" tag="096"><marcx:subfield code="u">Kan ikke hjemlånes</marcx:subfield><marcx:subfield code="r">a</marcx:subfield><marcx:subfield code="z">810015</marcx:subfield></marcx:datafield><marcx:datafield ind1="0" ind2="0" tag="595"><marcx:subfield code="a">InT2011</marcx:subfield></marcx:datafield><marcx:datafield ind1="0" ind2="0" tag="599"><marcx:subfield code="b">bkpl201126</marcx:subfield></marcx:datafield><marcx:datafield ind1="0" ind2="0" tag="n55"><marcx:subfield code="a">20120404</marcx:subfield></marcx:datafield></marcx:record></ting:localData>
</foxml:xmlContent>
</foxml:datastreamVersion>
</foxml:datastream>
<foxml:datastream ID="RELS-SYS" STATE="A" CONTROL_GROUP="X" VERSIONABLE="false">
<foxml:datastreamVersion ID="RELS-SYS.2" LABEL="" CREATED="2013-05-16T12:09:29.592Z" MIMETYPE="application/rdf+xml" SIZE="323">
<foxml:xmlContent>
<rdf:RDF xmlns:rdf="http://www.w3.org/1999/02/22-rdf-syntax-ns#">
  <rdf:Description rdf:about="info:fedora/810015-katalog:008182582__1">
    <isMemberOfUnit xmlns="info:fedora/">unit:48131</isMemberOfUnit>
    <isPrimaryBibObjectFor xmlns="info:fedora/">unit:48131</isPrimaryBibObjectFor>
  </rdf:Description>
</rdf:RDF>
</foxml:xmlContent>
</foxml:datastreamVersion>
</foxml:datastream>
</foxml:digitalObject><ocn></ocn><holdingsServiceResponse><response>
<timestamp>2013-05-30 10:25:43.194</timestamp>
<pid>810015-katalog:008182582__1</pid>
<result>
<holding fedoraPid="810015-katalog:008182582__1">
<agencyId>810015</agencyId>
<note>Kan ikke hjemlånes</note>
<codes>a</codes>
<callNumber/>
<localIdentifier>008182582</localIdentifier>
<state>a</state>
<lastModified>2013-05-16T14:09:29Z</lastModified>
</holding>
</result>
</response></holdingsServiceResponse></oclcRecord></oclcRecords>

</ns1:originalData>
<ns1:outputFormat>PLACEHOLDER</ns1:outputFormat>
   </ns1:formatRequest>
 </SOAP-ENV:Body>
</SOAP-ENV:Envelope>
